<record><leader>00000cas a22000007a 4500</leader><controlfield tag="001">13484318</controlfield><controlfield tag="008">860423d18831915wiuwr ne      0    0eng d</controlfield><datafield ind1=" " ind2=" " tag="010"><subfield code="a">sn 86086193 </subfield></datafield><datafield ind1=" " ind2=" " tag="040"><subfield code="a">NPV</subfield><subfield code="b">eng</subfield><subfield code="c">NPV</subfield><subfield code="d">OCLCQ</subfield></datafield><datafield ind1=" " ind2=" " tag="042"><subfield code="a">msc</subfield></datafield><datafield ind1=" " ind2=" " tag="045"><subfield code="a">w8x1</subfield></datafield><datafield ind1=" " ind2=" " tag="052"><subfield code="a">4123</subfield><subfield code="b">G6</subfield></datafield><datafield ind1="0" ind2="4" tag="245"><subfield code="a">The Weekly teller.</subfield></datafield><datafield ind1="1" ind2="3" tag="246"><subfield code="a">Teller</subfield></datafield><datafield ind1="1" ind2="3" tag="246"><subfield code="a">Holiday daily teller</subfield></datafield><datafield ind1=" " ind2=" " tag="260"><subfield code="a">Lancaster, Wis. :</subfield><subfield code="b">E. Pollock,</subfield><subfield code="c">1883-1915.</subfield></datafield><datafield ind1=" " ind2=" " tag="300"><subfield code="a">v. :</subfield><subfield code="b">ill.</subfield></datafield><datafield ind1=" " ind2=" " tag="310"><subfield code="a">Weekly</subfield></datafield><datafield ind1=" " ind2=" " tag="321"><subfield code="a">Daily,</subfield><subfield code="b">&lt;Vol. 1, no. 2 (Dec. 20, 1897)&gt;-v. 1, no. 7 (Dec. 25, 1897)</subfield></datafield><datafield ind1=" " ind2=" " tag="321"><subfield code="a">Weekly,</subfield><subfield code="b">Vol. 1, no. 1 (Feb. 17, 1883)-v. 15, no. 50 (Dec. 16, 1897</subfield></datafield><datafield ind1="0" ind2=" " tag="362"><subfield code="a">Vol. 1, no. 1 (Feb. 17, 1883)-v. 33, no. 23 (June 10, 1915).</subfield></datafield><datafield ind1=" " ind2=" " tag="500"><subfield code="a">Title varies: Holiday Daily Teller, Vol. 1, no. 2 (Dec. 20, 1897)--v. 1, no. 7 (Dec. 25, 1897).</subfield></datafield><datafield ind1=" " ind2=" " tag="500"><subfield code="a">Editor: E. Pollack, &lt;Dec. 20, 1897&gt;-June 10, 1915.</subfield></datafield><datafield ind1=" " ind2=" " tag="530"><subfield code="a">Available on microfilm from The State Historical Society of Wisconsin.</subfield></datafield><datafield ind1=" " ind2=" " tag="752"><subfield code="a">United States</subfield><subfield code="b">Wisconsin</subfield><subfield code="c">Grant</subfield><subfield code="d">Lancaster.</subfield></datafield><datafield ind1="0" ind2="0" tag="785"><subfield code="t">Lancaster teller</subfield><subfield code="w">(DLC)sn 86086194</subfield></datafield><datafield ind1="1" ind2=" " tag="029"><subfield code="a">AU@</subfield><subfield code="b">000025824509</subfield></datafield></record>